@article{smith2009,
	author    = {Smith, John and Smith, Joan},
	title     = {A very interesting paper},
	journal   = {A very good journal},
	year      = {2009},
	url       = {http://someurl.toarchive},
	archivePrefix = {archive},
	eprint    = {1691.03394}
},
@book{smith2010,
	author    = {Smith, John and Smith, Joan and Smith, James and Smith, Jane},
	title     = {A very interesting book},
	year      = {2010}
},